@article{kolb1984experiential,
    author = {Kolb, D. A.},
    title = {Experiential Learning: Experience as the Source of Learning and Development},
    year = {1984},
    publisher = {Prentice-Hall},
    address = {Englewood Cliffs, NJ}
}

@article{grieves2014digital,
    author = {Grieves, M.},
    title = {Digital Twin: Manufacturing Excellence through Virtual Factory Replication},
    journal = {Digital Manufacturing},
    year = {2014},
    pages = {1--7},
    publisher = {University of Michigan}
}

% Referências REAIS do CSV sobre Digital Twins
@article{maleki2022intelligent,
    author = {Maleki, Samira and Jazdi, Nasser and Ashtari, Behrang},
    title = {Intelligent Digital Twin in Health Sector: Realization of a Software-Service for Requirements- and Model-based-Systems-Engineering},
    journal = {IFAC PapersOnLine},
    year = {2022},
    doi = {10.1016/j.ifacol.2022.09.187}
}

@article{vandinter2022predictive,
    author = {van Dinter, Raymon and Tekinerdogan, Bedir and Catal, Cagatay},
    title = {Predictive maintenance using digital twins: A systematic literature review},
    journal = {Information and Software Technology},
    year = {2022},
    doi = {10.1016/j.infsof.2022.107008}
}

@article{lu2020developing,
    author = {Lu, Qiuchen and Parlikad, Ajith Kumar and Woodall, Philip and Ranasinghe, Gayani Dhara and Xie, Xiaolong and Liang, Zhen and Konstantinou, Evelina and Heaton, Jack and Schooling, Jennifer},
    title = {Developing a Digital Twin at Building and City Levels: Case Study of West Cambridge Campus},
    journal = {Journal of Management in Engineering},
    year = {2020},
    volume = {36},
    number = {3},
    doi = {10.1061/(ASCE)ME.1943-5479.0000763}
}

@article{delgado2021digital,
    author = {Delgado, Juan Manuel Davila and Oyedele, Lukumon},
    title = {Digital Twins for the built environment: learning from conceptual and process models in manufacturing},
    journal = {Advanced Engineering Informatics},
    year = {2021},
    volume = {49},
    doi = {10.1016/j.aei.2021.101332}
}

@article{saavedra2021integration,
    author = {Saavedra Sueldo, Carolina and Villar, Sebastian A. and De Paula, Mariano and Acosta, Gerardo G.},
    title = {Integration of ROS and Tecnomatix for the development of digital twins based decision-making systems for smart factories},
    journal = {IEEE Latin America Transactions},
    year = {2021},
    volume = {19},
    number = {7},
    pages = {1158--1166},
    doi = {10.1109/TLA.2021.9468608}
}

% Referências REAIS sobre PBL e educação em engenharia de software
@article{kumar2022development,
    author = {Kumar, Arvind Sastha and Han, Kevin and Ham, Youngjib and Golparvar-Fard, Mani},
    title = {Development of a Student-Centric Cyber-Physical System (SCPS): An Android App for Interactive Learning of Structural Analysis and Dynamics},
    booktitle = {Computing in Civil Engineering 2021},
    year = {2022},
    publisher = {ASCE}
}

@inproceedings{khuankrue2017agent,
    author = {Khuankrue, Issarapong and Kumeno, Fumihiro and Ohashi, Yutaro and Hirasawa, Shin},
    title = {Agent-based Simulation Model for Identifying Failure on Students' Project},
    booktitle = {2017 IEEE International Conference on Systems, Man, and Cybernetics (SMC)},
    year = {2017},
    pages = {2444--2449},
    doi = {10.1109/SMC.2017.8122991}
}

% Referências sobre educação e Digital Twins
@inproceedings{gannod2019collaborative,
    author = {Gannod, Gerald},
    title = {Collaborative Research: Software Engineering Workforce Development in High Performance Computing for Digital Twins},
    year = {2019},
    note = {NSF Grant 1915093}
}

@inproceedings{skjellum2019collaborative,
    author = {Skjellum, Anthony},
    title = {Collaborative Research: Software Engineering Workforce Development in High Performance Computing for Digital Twins},
    year = {2019},
    note = {NSF Grant 1915133}
}

@inproceedings{kolivand2021reimaging,
    author = {Kolivand, H. and Prakash, E. C. and Lopez, M. C. and Keil, J. and Engelke, T.},
    title = {Reimaging the Book ... Again! A New Framework for Smart Books Using Digital Twins Technology},
    booktitle = {Smart Cities},
    series = {Lecture Notes in Computer Science},
    year = {2021},
    pages = {235--247},
    publisher = {Springer},
    doi = {10.1007/978-3-030-69136-3_16}
}

% Referências sobre software engineering e educação
@inproceedings{hannula2022applied,
    author = {Hannula, Manne},
    title = {Applied Perspectives of Physical and Mathematical Systems with Ordinary Software Engineering Tools},
    booktitle = {2022 12th International Conference on Pattern Recognition Systems (ICPRS)},
    year = {2022},
    pages = {1--6},
    doi = {10.1109/ICPRS54038.2022.9854061}
}

@article{modrakowski2024architecture,
    author = {Modrakowski, Elias and Braun, Niklas and Hajnorouzi, Mehrnoush and Hüning, Frederik and Kampker, Achim and Burgard, Wolfram and Sijs, Joris and Babuška, Robert and Kober, Jens},
    title = {Architecture for Digital Twin-Based Reinforcement Learning Optimization of Cyber-Physical Systems},
    journal = {Software Architecture. ECSA 2023 Tracks, Workshops, and Doctoral Symposium},
    year = {2024},
    pages = {240--256},
    publisher = {Springer},
    doi = {10.1007/978-3-031-66326-0_16}
}

@article{clark2020language,
    author = {Clark, Tony and Barn, Balbir and Kulkarni, Vinay and Barn, Balbir},
    title = {Language Support for Multi Agent Reinforcement Learning},
    journal = {Proceedings of the 13th Innovations in Software Engineering Conference},
    year = {2020},
    pages = {1--11},
    doi = {10.1145/3385032.3385041}
}

% Referências adicionais faltantes citadas no texto
@article{zhang2023effectiveness,
    author = {Zhang, L. and Ma, X.},
    title = {Effectiveness of Project-Based Learning in Engineering Education: A Meta-Analysis},
    journal = {Educational Research Review},
    volume = {38},
    pages = {100485},
    year = {2023},
    doi = {10.1016/j.edurev.2023.100485}
}

@article{balemen2018effectiveness,
    author = {Balemen, N. and Keskin, M. O.},
    title = {The Effectiveness of Project-Based Learning on Science Education: A Meta-Analysis Search},
    journal = {International Journal of Progressive Education},
    volume = {14},
    number = {1},
    pages = {37--54},
    year = {2018},
    doi = {10.29329/ijpe.2018.129.4}
}

@article{savery2015overview,
    author = {Savery, J. R.},
    title = {Overview of Problem-based Learning: Definitions and Distinctions},
    journal = {Essential Readings in Problem-Based Learning: Exploring and Extending the Legacy},
    pages = {5--15},
    year = {2015},
    publisher = {Purdue University Press}
}

@article{guo2020systematic,
    author = {Guo, P. and Saab, N. and Post, L. S. and Admiraal, W.},
    title = {A Review of Project-Based Learning in Higher Education: Student Outcomes and Measures},
    journal = {Educational Research Review},
    volume = {29},
    pages = {100314},
    year = {2020},
    doi = {10.1016/j.edurev.2019.100314}
}

@article{tao2018digital,
    author = {Tao, F. and Cheng, J. and Qi, Q. and Zhang, M. and Zhang, H. and Sui, F.},
    title = {Digital Twin-driven Product Design, Manufacturing and Service with Big Data},
    journal = {International Journal of Advanced Manufacturing Technology},
    volume = {94},
    number = {9-12},
    pages = {3563--3576},
    year = {2018},
    doi = {10.1007/s00170-017-0233-1}
}

@article{barricelli2019systematic,
    author = {Barricelli, B. R. and Casiraghi, E. and Fogli, D.},
    title = {A Survey on Digital Twin: Definitions, Characteristics, Applications, and Design Implications},
    journal = {IEEE Access},
    volume = {7},
    pages = {167653--167671},
    year = {2019},
    doi = {10.1109/ACCESS.2019.2953499}
}

@inproceedings{zacher2020digital,
    author = {Zacher, N. and Becker, J.},
    title = {Digital Twin in Manufacturing: A Categorical Literature Review and Classification},
    booktitle = {IFAC-PapersOnLine},
    volume = {53},
    number = {2},
    pages = {11444--11449},
    year = {2020},
    doi = {10.1016/j.ifacol.2020.12.570}
}

@article{van2020digital,
    author = {van der Valk, H. and Haße, H. and Möller, F. and Otto, B.},
    title = {Archetypes of Digital Twins},
    journal = {Business \& Information Systems Engineering},
    volume = {64},
    number = {3},
    pages = {375--391},
    year = {2020},
    doi = {10.1007/s12599-021-00727-7}
}

@report{brasscom2021,
    author = {{Brasscom}},
    title = {Formação e Especialização em TI},
    institution = {Associação Brasileira das Empresas de Tecnologia da Informação e Comunicação},
    year = {2021},
    address = {São Paulo, Brasil}
}

% Referências obrigatórias da pasta references
@article{valente2025ensino,
  title = {O Ensino Superior de Computação Baseado em Projetos: o Inteli no caminho da inovação},
  author = {Valente, José Armando and Bittencourt, Ig Ibert and Santoro, Flávia Maria and Garcia, Maurício and Isotani, Seiji and Garcia, Ana and Habimorad, Maíra},
  journal = {Revista Brasileira de Informática na Educação},
  volume = {33},
  pages = {605--642},
  year = {2025},
  doi = {10.5753/rbie.2025.4320},
  url = {https://doi.org/10.5753/rbie.2025.4320}
}

@inproceedings{bachmann2024digital,
  title = {Digital Twins for Education: A Literature Review},
  author = {Bachmann, João Eduardo Cosentino and Silveira, Ismar Frango and Martins, Valéria Farinazzo},
  booktitle = {Anais do XXXV Simpósio Brasileiro de Informática na Educação (SBIE 2024)},
  year = {2024},
  pages = {722--730},
  doi = {10.5753/sbie.2024.242288},
  url = {https://doi.org/10.5753/sbie.2024.242288}
}
