@book{andrade99,
address={S\~ao Paulo},
author={M M de Andrade},
edition={3},
publisher={Atlas},
title={Como preparar trabalhos para cursos de p{\'o}s-gradua{\c c}\~ao},
year={1999}}

@book{gil91,
address={S\~ao Paulo},
author={A C Gil},
edition={3},
publisher={Atlas},
title={Como elaborar projetos de pesquisa},
year={1991}}

@article{bachmann2023,
author={Jo\~ao Eduardo Cosentino Silveira Bachmann and Ismar Frango Silveira and Valeria Farinazzo Martins},
title={Digital Twins for Education: A Literature Review},
journal={International Journal of Educational Technology},
year={2023},
volume={5},
pages={1--15}
}

@article{silveira2024panorama,
author={Ismar Frango Silveira and Valeria Farinazzo Martins},
title={Panorama de Digital Twins na Am{\'e}rica Latina},
journal={SBC Horizontes},
year={2024},
url={https://horizontes.sbc.org.br/index.php/2024/09/panorama-de-digital-twins-na-america-latina/}
}

@article{grieves2014,
author={Michael Grieves},
title={Digital Twin: Manufacturing Excellence through Virtual Factory Replication},
journal={Digital Manufacturing},
year={2014},
volume={1},
pages={1--7}
}

@article{tao2018,
author={Fei Tao and Jiangfeng Cheng and Qinglin Qi and Meng Zhang and He Zhang and Fangyuan Sui},
title={Digital twin-driven product design, manufacturing and service with big data},
journal={The International Journal of Advanced Manufacturing Technology},
year={2018},
volume={94},
pages={3563--3576},
doi={10.1007/s00170-017-0233-1}
}

@article{barricelli2019,
author={Barbara Rita Barricelli and Elena Casiraghi and Daniela Fogli},
title={A Survey on Digital Twin: Definitions, Characteristics, Applications, and Design Implications},
journal={IEEE Access},
year={2019},
volume={7},
pages={167653--167671},
doi={10.1109/ACCESS.2019.2953499}
}

@article{kolb1984,
author={David A. Kolb},
title={Experiential Learning: Experience as the Source of Learning and Development},
publisher={Prentice Hall},
year={1984},
address={Englewood Cliffs}
}

@article{thomas2000,
author={John W. Thomas},
title={A review of research on project-based learning},
journal={San Rafael: Autodesk Foundation},
year={2000}
}

@article{arakaki2022,
author={Tiago Yukio Fujii and Victor Takashi Hayashi and Reginaldo Arakaki and Wilson Vicente Ruggiero and Romeo Bulla Jr. and Fabio Hirotsugu Hayashi and Khalil Ahmad Khalil},
title={A Digital Twin Architecture Model Applied with MLOps Techniques to Improve Short-Term Energy Consumption Prediction},
journal={Machines},
year={2022},
volume={10},
number={1},
pages={23},
doi={10.3390/machines10010023}
}

@article{savery2015,
author={John R. Savery},
title={Overview of Problem-based Learning: Definitions and Distinctions},
journal={Essential Readings in Problem-Based Learning},
year={2015},
pages={5--15},
publisher={Purdue University Press}
}

@article{hmelo2004,
author={Cindy E. Hmelo-Silver},
title={Problem-based learning: What and how do students learn?},
journal={Educational Psychology Review},
year={2004},
volume={16},
number={3},
pages={235--266},
doi={10.1023/B:EDPR.0000034022.16470.f3}
}

@book{duch2001,
author={Barbara J. Duch and Susan E. Groh and Deborah E. Allen},
title={The Power of Problem-Based Learning: A Practical "How To" for Teaching Undergraduate Courses in Any Discipline},
publisher={Stylus Publishing},
year={2001},
address={Sterling, VA}
}

@article{zhang2023,
author={Lu Zhang and Yan Ma},
title={A study of the impact of project-based learning on student learning effects: a meta-analysis study},
journal={Frontiers in Psychology},
year={2023},
volume={14},
doi={10.3389/fpsyg.2023.1202728}
}

@article{lavado2024,
author={Susana Lavado-Anguera and Pablo Javier Velasco-Quintana and María José Terrón-López},
title={Project-Based Learning (PBL) as an Experiential Pedagogical Methodology in Engineering Education: A Review of the Literature},
journal={Education Sciences},
year={2024},
volume={14},
number={6},
pages={617},
doi={10.3390/educsci14060617}
}

@article{guo2020,
author={Pengyue Guo and Nadira Saab and Lysanne S. Post and Wilfried Admiraal},
title={A review of project-based learning in higher education: Student outcomes and measures},
journal={International Journal of Educational Research},
year={2020},
volume={102},
pages={101586},
doi={10.1016/j.ijer.2020.101586}
}

@techreport{iso42010,
author={{ISO/IEC/IEEE}},
title={{ISO/IEC/IEEE 42010:2022 Software, systems and enterprise — Architecture description}},
institution={International Organization for Standardization},
year={2022},
note={Standard}
}

@article{inteli2024,
author={Flávia Santoro and Ismar Frango Silveira and outros},
title={O Ensino Superior de Computação Baseado em Projetos: o Inteli no caminho da inovação},
journal={Revista Brasileira de Informática na Educação},
year={2025},
volume={33},
note={Artigo sobre implementação de PBL no Instituto de Tecnologia e Liderança}
}

@inproceedings{kalliamvakou2014,
author={Eirini Kalliamvakou and Georgios Gousios and Kelly Blincoe and Leif Singer and Daniel M. German and Daniela Damian},
title={How Do Centralized and Distributed Version Control Systems Impact Software Changes?},
booktitle={Proceedings of the 36th International Conference on Software Engineering},
year={2014},
pages={322--333},
publisher={ACM},
doi={10.1145/2568225.2568322}
}

@article{beckman2021,
author={Matthew Beckman and Mine Çetinkaya-Rundel and Nicholas J. Horton and Rasmus Bååth and Colin W. Rundel and AJ Ly},
title={Implementing Version Control With Git and GitHub as a Learning Objective in Statistics and Data Science Courses},
journal={Journal of Statistics and Data Science Education},
year={2021},
volume={29},
number={2},
pages={132--144},
publisher={Taylor & Francis},
doi={10.1080/10691898.2020.1848485}
}

@article{perezriverol2016,
author={Yasset Perez-Riverol and Laurent Gatto and Rui Wang and Timo Sachsenberg and Julian Uszkoreit and Felipe da Veiga Leprevost and Christian Fufezan and Tobias Ternent and Stephen J. Eglen and Daniel S. Katz and Tom J. Pollard and Alexander Konovalov and Robert M. Flight and Kai Blin and Juan Antonio Vizcaíno},
title={Ten Simple Rules for Taking Advantage of Git and GitHub},
journal={PLOS Computational Biology},
year={2016},
volume={12},
number={7},
pages={e1004668},
doi={10.1371/journal.pcbi.1004668}
}

@article{mahnic2012,
author={Viljan Mahnic},
title={A Capstone Course on Agile Software Development Using Scrum},
journal={IEEE Transactions on Education},
year={2012},
volume={55},
number={1},
pages={99--106},
publisher={IEEE},
doi={10.1109/TE.2011.2142311}
}

@article{parsons2019,
author={David Parsons and Kathryn MacCallum},
title={Agile Methodology in Education: A Review},
journal={International Journal of Educational Technology in Higher Education},
year={2019},
volume={16},
number={1},
pages={1--19},
publisher={Springer},
doi={10.1186/s41239-019-0133-6}
}

@article{romero2020,
author={Cristóbal Romero and Sebastián Ventura},
title={Educational Data Mining and Learning Analytics: An Updated Survey},
journal={Wiley Interdisciplinary Reviews: Data Mining and Knowledge Discovery},
year={2020},
volume={10},
number={3},
pages={e1355},
publisher={Wiley},
doi={10.1002/widm.1355}
}

@article{romero2010,
author={Cristóbal Romero and Sebastián Ventura},
title={Educational Data Mining: A Review of the State of the Art},
journal={IEEE Transactions on Systems, Man, and Cybernetics, Part C: Applications and Reviews},
year={2010},
volume={40},
number={6},
pages={601--618},
publisher={IEEE},
doi={10.1109/TSMCC.2010.2053532}
}
