@article{Kitchenham2007,
  title={Guidelines for performing systematic literature reviews in software engineering},
  author={Kitchenham, Barbara and Charters, Stuart},
  journal={Technical report, EBSE Technical Report EBSE-2007-01},
  year={2007}
}

@article{Inteli2024,
  title={Modelo Inteli: Uma Abordagem Inovadora para Project-Based Learning no Ensino Superior},
  author={Inteli},
  journal={Documento Institucional},
  year={2024},
  note={Modelo pedagógico baseado em projetos desenvolvido pela instituição}
}

@article{Richardson1995,
  title={The well-built clinical question: A key to evidence-based decisions},
  author={Richardson, W. Scott and Wilson, Mark C. and Nishikawa, Jim and Hayward, Robert S. A.},
  journal={ACP Journal Club},
  volume={123},
  pages={A12--A13},
  year={1995},
  note={Artigo seminal que introduziu o framework PICO para estruturação de questões de pesquisa baseadas em evidências}
}

@article{Davies2011,
  title={Formulating the Evidence Based Practice Question: A Review of the Frameworks},
  author={Davies, Karen Sue},
  journal={Evidence Based Library and Information Practice},
  volume={6},
  number={2},
  pages={75--80},
  year={2011},
  doi={10.18438/B8WS5N},
  note={Revisão abrangente dos frameworks PICO e suas variações para diferentes disciplinas além da medicina}
}

@article{Page2021,
  title={The PRISMA 2020 statement: An updated guideline for reporting systematic reviews},
  author={Page, Matthew J. and McKenzie, Joanne E. and Bossuyt, Patrick M. and Boutron, Isabelle and Hoffmann, Tammy C. and Mulrow, Cynthia D. and Shamseer, Larissa and Tetzlaff, Jennifer M. and Akl, Elie A. and Brennan, Sue E. and others},
  journal={BMJ},
  volume={372},
  year={2021},
  publisher={BMJ Publishing Group},
  doi={10.1136/bmj.n71},
  note={Diretrizes atualizadas para condução e relato de revisões sistemáticas}
}


@book{Gough2017,
  title={An introduction to systematic reviews},
  author={Gough, David and Oliver, Sandy and Thomas, James},
  year={2017},
  publisher={Sage Publications},
  edition={2nd},
  address={London},
  note={Manual abrangente sobre metodologia de revisões sistemáticas}
}
