% JSEP Template - Example References File
% This file contains example references in BibTeX format
% Use with the JSEP LaTeX template

% Journal Article
@article{smith2023,
  author = {Smith, J. A. and Johnson, B. C.},
  title = {Digital Twins in Software Engineering: A Systematic Review},
  journal = {Journal of Software Engineering and Practice},
  volume = {15},
  number = {3},
  pages = {45--62},
  year = {2023},
  doi = {10.1000/jsep.2023.001}
}

% Conference Paper
@inproceedings{brown2022,
  author = {Brown, M. D. and Davis, R. E. and Wilson, F. G.},
  title = {Implementing Digital Twin Technology in Educational Settings},
  booktitle = {Proceedings of the International Conference on Software Engineering Education},
  pages = {123--135},
  year = {2022},
  publisher = {IEEE},
  doi = {10.1109/icsee.2022.001}
}

% Book
@book{anderson2021,
  author = {Anderson, P. Q.},
  title = {Modern Software Engineering Practices},
  publisher = {Academic Press},
  year = {2021},
  address = {New York, NY},
  isbn = {978-0-12-345678-9}
}

% Book Chapter
@incollection{thomas2020,
  author = {Thomas, L. M.},
  title = {Project-Based Learning in Software Engineering},
  booktitle = {Handbook of Software Engineering Education},
  editor = {Garcia, H. and Rodriguez, I.},
  publisher = {Springer},
  year = {2020},
  pages = {89--112},
  doi = {10.1007/978-3-030-12345-6_5}
}

% Technical Report
@techreport{lee2023,
  author = {Lee, S. K. and Park, J. H.},
  title = {Digital Twin Implementation Guidelines for Educational Institutions},
  institution = {Software Engineering Research Institute},
  year = {2023},
  number = {SERI-TR-2023-001},
  address = {Seoul, South Korea}
}

% Online Resource
@misc{apa2023,
  author = {{American Psychological Association}},
  title = {Publication Manual of the American Psychological Association},
  year = {2023},
  edition = {7th},
  url = {https://apastyle.apa.org/},
  note = {Accessed: 2024-01-15}
}

% Thesis/Dissertation
@phdthesis{chen2022,
  author = {Chen, X. Y.},
  title = {Digital Twin Applications in Software Engineering Education},
  school = {University of Technology},
  year = {2022},
  address = {Beijing, China},
  type = {Doctoral dissertation}
}

% Magazine Article
@article{rodriguez2023,
  author = {Rodriguez, A. B.},
  title = {The Future of Digital Twins in Education},
  journal = {Software Engineering Today},
  volume = {28},
  number = {4},
  pages = {22--28},
  year = {2023},
  month = {April}
}

% Patent
@misc{patent2023,
  author = {Williams, D. R. and Taylor, E. F.},
  title = {Digital Twin System for Educational Assessment},
  year = {2023},
  month = {March},
  note = {Patent No. US 11,234,567 B2}
}

% Standard
@misc{iso2022,
  author = {{International Organization for Standardization}},
  title = {ISO/IEC 25010:2022 - Systems and software Quality Requirements and Evaluation (SQuaRE)},
  year = {2022},
  url = {https://www.iso.org/standard/81247.html},
  note = {Accessed: 2024-01-15}
}

% Software
@misc{software2023,
  author = {Martinez, C. L.},
  title = {DigitalTwinEdu: Educational Digital Twin Framework},
  year = {2023},
  url = {https://github.com/cmartinez/digitaltwinedu},
  note = {Version 2.1.0}
}

% Dataset
@misc{dataset2023,
  author = {Garcia, M. A. and Lopez, P. S.},
  title = {Educational Digital Twin Dataset},
  year = {2023},
  publisher = {Data Repository},
  doi = {10.5281/zenodo.1234567}
}

% Web Page
@misc{webpage2023,
  author = {Thompson, K. L.},
  title = {Digital Twins in Education: A Comprehensive Guide},
  year = {2023},
  url = {https://www.edudigitaltwins.org/guide},
  note = {Last updated: 2023-12-15}
}

% Newspaper Article
@article{newspaper2023,
  author = {Adams, R. T.},
  title = {Universities Adopt Digital Twin Technology for Enhanced Learning},
  journal = {The Technology Times},
  year = {2023},
  month = {November},
  day = {15},
  pages = {A1, A4}
}

% Encyclopedia Entry
@incollection{encyclopedia2022,
  author = {White, S. M.},
  title = {Digital Twin},
  booktitle = {Encyclopedia of Software Engineering},
  editor = {Black, J. R.},
  publisher = {Wiley},
  year = {2022},
  volume = {2},
  pages = {456--462}
}

% Government Report
@techreport{government2023,
  author = {{Department of Education}},
  title = {Digital Twin Technology in Higher Education: Policy Recommendations},
  institution = {U.S. Department of Education},
  year = {2023},
  number = {ED-2023-001},
  address = {Washington, DC}
}
