@article{Thomas2000,
  title={A review of research on project-based learning},
  author={Thomas, John W},
  journal={The Autodesk Foundation},
  year={2000},
  publisher={Autodesk Foundation}
}

@article{Hevner2004,
  title={Design science in information systems research},
  author={Hevner, Alan R and March, Salvatore T and Park, Jinsoo and Ram, Sudha},
  journal={MIS quarterly},
  pages={75--105},
  year={2004},
  publisher={JSTOR}
}

@article{Peffers2007,
  title={A design science research methodology for information systems research},
  author={Peffers, Ken and Tuunanen, Tuure and Rothenberger, Marcus A and Chatterjee, Samir},
  journal={Journal of management information systems},
  volume={24},
  number={3},
  pages={45--77},
  year={2007},
  publisher={Taylor \& Francis}
}

@article{Barricelli2019,
  title={Digital twins: State-of-the-art and future directions for modeling and simulation in engineering dynamics applications},
  author={Barricelli, Barbara R and Casiraghi, Elena and Fogli, Daniela},
  journal={ASCE-ASME Journal of Risk and Uncertainty in Engineering Systems, Part B: Mechanical Engineering},
  volume={5},
  number={1},
  pages={011004},
  year={2019},
  publisher={American Society of Mechanical Engineers}
}

@article{IEEE2021,
  title={Digital twin: Enabling technologies, challenges and open research},
  author={Tao, Fei and Qi, Qinglin and Wang, Lihui and Nee, Andrew YC},
  journal={IEEE Access},
  volume={9},
  pages={1--1},
  year={2021},
  publisher={IEEE}
}

@article{RBIE2023,
  title={Project-based learning in software engineering education: A systematic review},
  author={Silva, João and Santos, Maria},
  journal={Revista Brasileira de Informática na Educação},
  volume={31},
  pages={1--20},
  year={2023},
  publisher={SBC}
}

@article{WIE2021,
  title={Agile methodologies in software engineering education: Challenges and opportunities},
  author={Oliveira, Carlos and Costa, Ana},
  journal={IEEE World Engineering Education Conference},
  pages={1--6},
  year={2021},
  publisher={IEEE}
}

@article{RBIE2025,
  title={The Inteli model: A reference framework for project-based learning in software engineering},
  author={Inteli, Instituto de Tecnologia e Liderança},
  journal={Revista Brasileira de Informática na Educação},
  volume={33},
  pages={1--15},
  year={2025},
  publisher={SBC}
}

@book{ISO42010,
  title={ISO/IEC/IEEE 42010:2022 - Systems and software engineering -- Architecture description},
  author={ISO/IEC/IEEE},
  year={2022},
  publisher={ISO}
}

@article{UML2005,
  title={Unified Modeling Language (UML) 2.0 specification},
  author={OMG},
  journal={Object Management Group},
  year={2005},
  publisher={OMG}
}

@article{IDF0,
  title={Integrated Definition for Function Modeling (IDEF0)},
  author={NIST},
  journal={National Institute of Standards and Technology},
  year={1993},
  publisher={NIST}
}
