@article{Kitchenham2007,
  title={Guidelines for performing systematic literature reviews in software engineering},
  author={Kitchenham, Barbara and Charters, Stuart},
  journal={Technical report, EBSE Technical Report EBSE-2007-01},
  year={2007}
}

@article{Inteli2024,
  title={Modelo Inteli: Uma Abordagem Inovadora para Project-Based Learning no Ensino Superior},
  author={Inteli},
  journal={Documento Institucional},
  year={2024},
  note={Modelo pedagógico baseado em projetos desenvolvido pela instituição}
}
